@inproceedings{socher2013,
	title={Recursive deep models for semantic compositionality over a sentiment treebank},
	author={Socher, Richard and Perelygin, Alex and Wu, Jean and Chuang, Jason and Manning, Christopher D and Ng, Andrew and Potts, Christopher},
	booktitle={Proceedings of the 2013 conference on empirical methods in natural language processing},
	pages={1631--1642},
	year={2013}
}

@inproceedings{de-kok-pp,
	title = "{PP} Attachment: Where do We Stand?",
	author = {de Kok, Dani{\"e}l  and
	Ma, Jianqiang  and
	Dima, Corina  and
	Hinrichs, Erhard},
	booktitle = "Proceedings of the 15th Conference of the {E}uropean Chapter of the Association for Computational Linguistics: Volume 2, Short Papers",
	month = apr,
	year = "2017",
	address = "Valencia, Spain",
	publisher = "Association for Computational Linguistics",
	url = "https://www.aclweb.org/anthology/E17-2050",
	pages = "311--317",
}

@mastersthesis{schoener2018,
	author       = {Peter Schoener}, 
	type         = {Bachelor's Thesis},
	title        = {Embedding-based approaches to prediction of semantic compatibility},
	school       = {Eberhard Karls Universit\"at T\"ubingen},
	year         = 2018,
	month        = 9,
}

@inproceedings{kutuzov2016,
	title={Exploration of register-dependent lexical semantics using word embeddings},
	author={Kutuzov, Andrey and Kuzmenko, Elizaveta and Marakasova, Anna},
	booktitle={Proceedings of the Workshop on Language Technology Resources and Tools for Digital Humanities (LT4DH)},
	pages={26--34},
	year={2016}
}

@article{mi2016,
	title={Coverage embedding models for neural machine translation},
	author={Mi, Haitao and Sankaran, Baskaran and Wang, Zhiguo and Ittycheriah, Abe},
	journal={arXiv preprint arXiv:1605.03148},
	year={2016}
}

@inproceedings{tang2014,
	title={Learning sentiment-specific word embedding for twitter sentiment classification},
	author={Tang, Duyu and Wei, Furu and Yang, Nan and Zhou, Ming and Liu, Ting and Qin, Bing},
	booktitle={Proceedings of the 52nd Annual Meeting of the Association for Computational Linguistics (Volume 1: Long Papers)},
	volume={1},
	pages={1555--1565},
	year={2014}
}

@article{mikolov2013,
	title={Efficient estimation of word representations in vector space},
	author={Mikolov, Tomas and Chen, Kai and Corrado, Greg and Dean, Jeffrey},
	journal={arXiv preprint arXiv:1301.3781},
	year={2013}
}

@inproceedings{kiros2015,
	title={Skip-thought vectors},
	author={Kiros, Ryan and Zhu, Yukun and Salakhutdinov, Ruslan R and Zemel, Richard and Urtasun, Raquel and Torralba, Antonio and Fidler, Sanja},
	booktitle={Advances in neural information processing systems},
	pages={3294--3302},
	year={2015}
}

@article{devlin2018,
	title={Bert: Pre-training of deep bidirectional transformers for language understanding},
	author={Devlin, Jacob and Chang, Ming-Wei and Lee, Kenton and Toutanova, Kristina},
	journal={arXiv preprint arXiv:1810.04805},
	year={2018}
}

@inproceedings{dima2015,
	title={Reverse-engineering language: A study on the semantic compositionality of german compounds},
	author={Dima, Corina},
	booktitle={Proceedings of the 2015 Conference on Empirical Methods in Natural Language Processing},
	pages={1637--1642},
	year={2015}
}

@article{tai2015,
	title={Improved semantic representations from tree-structured long short-term memory networks},
	author={Tai, Kai Sheng and Socher, Richard and Manning, Christopher D},
	journal={arXiv preprint arXiv:1503.00075},
	year={2015}
}

